<?xml version="1.0" encoding="UTF-8"?><collection xmlns="http://www.loc.gov/MARC21/slim"><record><leader>00506nam--2200169-i-4500</leader><controlfield tag="001">000015333</controlfield><controlfield tag="002">20161230</controlfield><controlfield tag="005">20161230201031</controlfield><controlfield tag="008">060222s1000------------r-----000-0-rum-d</controlfield><datafield ind1=" " ind2=" " tag="040"><subfield code="a">IFIN-HH</subfield></datafield><datafield ind1=" " ind2=" " tag="041"><subfield code="a">rum</subfield></datafield><datafield ind1="1" ind2=" " tag="110"><subfield code="a">Academia RSR. Institutul Central de Fizica</subfield></datafield><datafield ind1="1" ind2="0" tag="245"><subfield code="a">Colocviul national de optica</subfield><subfield code="b">Editia a iii-a program rezumate, 14-15 iunie, 1984</subfield></datafield><datafield ind1=" " ind2=" " tag="260"><subfield code="a">Bucuresti-magurele</subfield><subfield code="b">Institutul Central De Fizica</subfield><subfield code="c">1984</subfield></datafield><datafield ind1=" " ind2=" " tag="300"><subfield code="a">144P</subfield></datafield><datafield ind1=" " ind2=" " tag="852"><subfield code="a">72078</subfield><subfield code="c">535</subfield></datafield><datafield ind1=" " ind2=" " tag="CAT"><subfield code="a">Sys</subfield><subfield code="c">20101125</subfield><subfield code="h">094248</subfield></datafield></record></collection>